@book{quinn1994parallel,
  title={Parallel computing theory and practice},
  author={Quinn, Michael J},
  year={1994},
  publisher={McGraw-Hill, Inc.}
}

@book{golub2014scientific,
  title={Scientific computing: an introduction with parallel computing},
  author={Golub, Gene H and Ortega, James M},
  year={2014},
  publisher={Elsevier}
}

@incollection{joseph2022parallel,
  title={Parallel Faces Recognition Attendance System with Anti-Spoofing Using Convolutional Neural Network},
  author={Joseph, Stephen Bassi and Dada, Emmanuel Gbenga and Misra, Sanjay and Ajoka, Samuel},
  booktitle={Illumination of Artificial Intelligence in Cybersecurity and Forensics},
  pages={123--137},
  year={2022},
  publisher={Springer}
}

@misc{he2021structure,
      title={A structure preserving numerical scheme for Fokker-Planck equations of structured neural networks with learning rules}, 
      author={Qing He and Jingwei Hu and Zhennan Zhou},
      year={2021},
      eprint={2109.04667},
      archivePrefix={arXiv},
      primaryClass={math.NA}
}

@inproceedings{kwon2023efficient,
  title={Efficient Memory Management for Large Language Model Serving with PagedAttention},
  author={Kwon, Woosuk and Li, Zhuohan and Zhuang, Siyuan and Sheng, Ying and Zheng, Lianmin and Yu, Cody Hao and Gonzalez, Joseph and Zhang, Hao and Stoica, Ion},
  booktitle={Proceedings of the 29th Symposium on Operating Systems Principles},
  year={2023},
  organization={ACM}
}

@article{sheng2023highthroughput,
  title={High-throughput Generative Inference of Large Language Models with a Single GPU},
  author={Sheng, Ying and Zheng, Lianmin and Yuan, Binhang and Li, Zhuohan and Dong, Max and Stoica, Ion},
  journal={arXiv preprint arXiv:2303.06865},
  year={2023}
}

@inproceedings{yu2022orca,
  title={Orca: A Distributed Serving System for Transformer-Based Generative Models},
  author={Yu, Gyeong-In and Jeong, Joo Seong and Kim, Geon-Woo and Kim, Soojeong and Choi, Byung-Gon},
  booktitle={16th USENIX Symposium on Operating Systems Design and Implementation (OSDI 22)},
  pages={521--538},
  year={2022}
}

@inproceedings{lewis2020retrieval,
  title={Retrieval-Augmented Generation for Knowledge-Intensive NLP Tasks},
  author={Lewis, Patrick and Perez, Ethan and Piktus, Aleksandra and Petroni, Fabio and Karpukhin, Vladimir and Goyal, Naman and Küttler, Heinrich and Lewis, Mike and Yih, Wen-tau and Rocktäschel, Tim and others},
  booktitle={Advances in Neural Information Processing Systems},
  volume={33},
  pages={9459--9474},
  year={2020}
}

@article{little1961proof,
  title={A Proof for the Queuing Formula: L = λW},
  author={Little, John DC},
  journal={Operations Research},
  volume={9},
  number={3},
  pages={383--387},
  year={1961},
  publisher={INFORMS}
}

@book{hennessy2019computer,
  title={Computer Architecture: A Quantitative Approach},
  author={Hennessy, John L and Patterson, David A},
  edition={6},
  year={2019},
  publisher={Morgan Kaufmann}
}

@book{kleinrock1975queueing,
  title={Queueing Systems Volume 1: Theory},
  author={Kleinrock, Leonard},
  year={1975},
  publisher={John Wiley \& Sons}
}

@misc{simpy2023,
  title={SimPy: Discrete Event Simulation for Python},
  author={SimPy Team},
  year={2023},
  howpublished={\url{https://simpy.readthedocs.io/}}
}
